% This file was created with Citavi 6.18.0.1

@book{InstituteofElectricalandElectronicsEngineers.2024,
 year = {2024},
 title = {2024 10th IEEE RAS/EMBS International Conference for Biomedical Robotics and Biomechatronics (BioRob): 1-4 September 2024, Heidelberg, Germany},
 url = {https://ieeexplore.ieee.org/servlet/opac?punumber=10719694},
 address = {Piscataway, NJ},
 publisher = {IEEE},
 isbn = {979-8-3503-8652-3},
 institution = {{Institute of Electrical and Electronics Engineers} and {IEEE Robotics and Automation Society} and {IEEE Engineering in Medicine and Biology Society}},
 doi = {10.1109/BioRob60516.2024}
}


